<?xml version="1.0" encoding="UTF-8"?><collection xmlns="http://www.loc.gov/MARC21/slim"><record><leader>00399nam--2200145-i-4500</leader><controlfield tag="001">000013732</controlfield><controlfield tag="002">20161230</controlfield><controlfield tag="005">20161230201030</controlfield><controlfield tag="008">060222s1000------------r-----000-0-eng-d</controlfield><datafield ind1=" " ind2=" " tag="080"><subfield code="a">536.24(047.3</subfield></datafield><datafield ind1=" " ind2=" " tag="100"><subfield code="a">Achenbach, E</subfield></datafield><datafield ind1=" " ind2=" " tag="245"><subfield code="a">Stromung und konvektiver warmeubergang beim kreirzylinder und bei der kugel</subfield></datafield><datafield ind1=" " ind2=" " tag="260"><subfield code="a">Julich, Kernforschungsanlage, 1979. 97 P</subfield></datafield><datafield ind1=" " ind2=" " tag="490"><subfield code="a">1591</subfield></datafield><datafield ind1=" " ind2=" " tag="852"><subfield code="a">18670</subfield></datafield></record></collection>